@misc{whats_a_robot,
	title = {{What Is a Robot? Top roboticists explain their definition of robot}},
	author = {{IEEE - Robots}},
	note = {Enlace: \url{https://robots.ieee.org/learn/what-is-a-robot/}}
}

@misc{ieee,
	title = {{IEEE - Advancing Technology for Humanity}},
	author = {{IEEE.org}},
	note = {Enlace: \url{https://www.ieee.org/}}
}

@misc{roomba,
	title = {{Robots aspiradores Roomba}},
	author = {{iRobot}},
	note = {Enlace: \url{https://www.irobot.es/es_ES/roomba.html}}
}

@misc{roomba-sensors-rg,
	author = {Mukherjee, Dibyendu and Saha, Ashirbani and Mendapara, Pankajkumar and Wu, Dan and Wu, Q. M. Jonathan},
	year = {2009},
	month = {07},
	pages = {359 - 366},
	title = {{A cost effective probabilistic approach to localization and mapping}},
	doi = {10.1109/EIT.2009.5189643}
}

@misc{yocto-or-debian,
	author = {{Mads Doré Hansen}},
	year = {2017},
	month = {08},
	title = {{Yocto or Debian for Embedded Systems}},
	note = {Enlace: \url{https://www.prevas.dk/download/18.58aaa49815ce6321a327da/1506087244328/Yocto_Debian_Whitepaper.pdf}}
}

@misc{zowi-balara,
	title = {{Zowi BQ, el robot didáctico de Clan}},
	author = {{Balara}},
	note = {Enlace: \url{https://www.balara.es/zowi-robot-bq-clan/}}
}

@misc{tesla-ai,
	title = {{Artificial Intelligence and Autopilot}},
	author = {{Tesla}},
	note = {Enlace: \url{https://www.tesla.com/AI}}
}

@misc{arduino-store,
	title = {{Arduino Boards}},
	author = {{Arduino Store}},
	note = {Enlace: \url{https://store.arduino.cc/collections/boards}}
}

@misc{raspberry-pi,
	title = {{Products store}},
	author = {{Raspberry Pi}},
	note = {Enlace: \url{https://www.raspberrypi.com/products/}}
}

@misc{nxp-imx,
	title = {{i.MX Applications Processors}},
	author = {{NXP}},
	note = {Enlace: \url{https://www.nxp.com/products/processors-and-microcontrollers/arm-processors/i-mx-applications-processors:IMX_HOME}}
}

@misc{asus-tinker,
	title = {{Tinker Board}},
	author = {{Asus.com}},
	note = {Enlace: \url{https://www.asus.com/es/Networking-IoT-Servers/AIoT-Industrial-Solutions/All-series/Tinker-Board/}}
}

@misc{raspbian,
	title = {{Raspbian - Operating system images}},
	author = {{Raspberry Pi}},
	note = {Enlace: \url{https://www.raspberrypi.com/software/operating-systems/}}
}

@misc{yocto-project,
	title = {{It's not an embedded Linux distribution, it creates a custom one for you.}},
	author = {{The Yocto Project}},
	note = {Enlace: \url{https://www.yoctoproject.org/}}
}

@misc{buildroot,
	title = {{Making Embedded Linux Easy}},
	author = {{Buildroot}},
	note = {Enlace: \url{https://buildroot.org/}}
}

@misc{codete,
	title = {{8 top programming languages for robotics}},
	author = {{Codete}},
	note = {Enlace: \url{https://codete.com/blog/top-8-programming-languages-for-robotics}}
}

@misc{ws_protocol,
    title = {{WebSockets Protocol}},
    author = {{Mozilla Developer}},
    year = {2022},
    url = {https://developer.mozilla.org/es/docs/Web/API/WebSockets_API}
}

@misc{http_protocol,
    title = {{HTTP Protocol}},
    author = {{Mozilla Developer}},
    year = {2022},
    url = {https://developer.mozilla.org/es/docs/Web/HTTP}
}

@misc{why-ros,
	title = {{Why ROS?}},
	author = {{ROS.org}},
	note = {Enlace: \url{https://www.ros.org/blog/why-ros/}}
}

@misc{reasons-ros,
	title = {{8 reasons why you should use ROS for robotics projects}},
	author = {{NIRYO}},
	note = {Enlace: \url{https://service.niryo.com/en/blog/8-reasons-use-ros-robotics-projects}}
}

@misc{ipc,
	title = {{Inter Process Communication (IPC)}},
	author = {{GeeksforGeeks}},
	note = {Enlace: \url{https://www.geeksforgeeks.org/inter-process-communication-ipc/}}
}

@misc{ros-tutorial,
	title = {{Writing a Simple Publisher and Subscriber (C++)}},
	author = {{ROS.org}},
	note = {Enlace: \url{http://wiki.ros.org/ROS/Tutorials/WritingPublisherSubscriber%28c%2B%2B%29}}
}

@misc{whats-pubsub,
	title = {{Pub/Sub Messaging}},
	author = {{Amazon AWS}},
	note = {Enlace: \url{https://aws.amazon.com/es/pub-sub-messaging/}}
}

@misc{redis,
	title = {{Introduction to Redis}},
	author = {{Redis.io}},
	note = {Enlace: \url{https://redis.io/docs/about/}}
}

@misc{redis-pubsub,
	title = {{How to use pub/sub channels in Redis}},
	author = {{Redis.io}},
	note = {Enlace: \url{https://redis.io/docs/manual/pubsub/}}
}

@misc{github-premium,
	title = {{GitHub pricings}},
	author = {{Github.com}},
	note = {Enlace: \url{https://github.com/pricing}}
}

@misc{http-image,
	title = {{The Hypertext Transfer Protocol (HTTP)}},
	author = {{ResearchHubs.com}},
	note = {Enlace: \url{https://researchhubs.com/post/computing/web-application/the-hypertext-transfer-protocol-http.html}}
}

@misc{ws_connection,
	title = {{A simple explanation of what a WebSocket is}},
	author = {{Wallarm.com}},
	note = {Enlace: \url{https://www.wallarm.com/what/a-simple-explanation-of-what-a-websocket-is}}
}

@misc{mqtt-pubsub,
	title = {{¿Qué es MQTT}},
	author = {{LuisLlamas.es}},
	note = {Enlace: \url{https://www.luisllamas.es/que-es-mqtt-su-importancia-como-protocolo-iot/}}
}

@misc{pepper-robot,
	title = {{Pepper le robot humanoïde et programmable}},
	author = {{SoftBank Robotics}},
	note = {Enlace: \url{https://www.softbankrobotics.com/emea/es/pepper}}
}

@misc{pepper-noticias,
	title = {{Suspendida la producción del robot japonés Pepper por la falta de demanda}},
	author = {{Noticias de Navarra}},
	note = {Enlace: \url{https://www.noticiasdenavarra.com/ciencia-y-tecnologia/2021/06/29/suspendida-produccion-robot-japones-pepper-2131197.html}}
}

@misc{lazarillo-embedded,
	title = {{lazarillo-embedded - Github.com}},
	author = {{Adrián Morente Gabaldón - Github.com}},
	note = {Enlace: \url{https://github.com/adrianmorente/lazarillo-embedded}}
}

@misc{lazarillo-admin-frontend,
	title = {{lazarillo-admin-frontend - Github.com}},
	author = {{Adrián Morente Gabaldón - Github.com}},
	note = {Enlace: \url{https://github.com/adrianmorente/lazarillo-admin-frontend}}
}

@misc{lazarillo-admin-backend,
	title = {{lazarillo-admin-backend - Github.com}},
	author = {{Adrián Morente Gabaldón - Github.com}},
	note = {Enlace: \url{https://github.com/adrianmorente/lazarillo-admin-backend}}
}

@misc{meta-lazarillo,
	title = {{meta-lazarillo - Github.com}},
	author = {{Adrián Morente Gabaldón - Github.com}},
	note = {Enlace: \url{https://github.com/adrianmorente/meta-lazarillo}}
}

@misc{documentacion-tfm,
	title = {{documentacion-tfm - Github.com}},
	author = {{Adrián Morente Gabaldón - Github.com}},
	note = {Enlace: \url{https://github.com/adrianmorente/documentacion-tfm}}
}

@misc{gplv3,
	title = {{GNU General Public License}},
	author = {{GNU Operating System}},
	note = {Enlace: \url{https://www.gnu.org/licenses/gpl-3.0.html}}
}

@misc{yocto-quick-build,
	title = {{Yocto Project Quick Build}},
	author = {{Yocto Project}},
	note = {Enlace: \url{https://docs.yoctoproject.org/brief-yoctoprojectqs/index.html}}
}

@misc{yocto-releases,
	title = {{Yocto Releases}},
	author = {{Yocto Project}},
	note = {Enlace: \url{https://wiki.yoctoproject.org/wiki/Releases}}
}

@misc{qt-open-source,
	title = {{Qt for Open Source Development}},
	author = {{Qt.io}},
	note = {Enlace: \url{https://www.qt.io/download-open-source}}
}

@misc{psplash,
	title = {{psplash - Very simple boot splash screen}},
	author = {{g0hl1n}},
	note = {Enlace: \url{https://github.com/g0hl1n/psplash}}
}

@misc{openembedded,
	title = {{OpenEmbedded}},
	author = {{openembedded.org}},
	note = {Enlace: \url{https://www.openembedded.org/wiki/Main_Page}}
}

@misc{cmake,
	title = {{Cmake}},
	author = {{CMake.org}},
	note = {Enlace: \url{https://cmake.org/}}
}

@misc{clang-format,
	title = {{Clang 16.0.0git documentation}},
	author = {{Clang LLVM}},
	note = {Enlace: \url{https://clang.llvm.org/docs/ClangFormat.html}}
}

@misc{factory-method,
	title = {{Factory Method - Creational pattern}},
	author = {{ReactiveProgramming.io}},
	note = {Enlace: \url{https://reactiveprogramming.io/blog/en/design-patterns/factory-method}}
}

@misc{qt-qml,
	title = {{Qt QML Documentation}},
	author = {{doc.qt.io}},
	note = {Enlace: \url{https://doc.qt.io/qt-5/qtqml-index.html}}
}

@misc{solid,
	title = {{SOLID: Los primeros 5 principios del diseño orientado a objetos}},
	author = {{Digital Ocean}},
	note = {Enlace: \url{https://www.digitalocean.com/community/conceptual_articles/s-o-l-i-d-the-first-five-principles-of-object-oriented-design-es}}
}

@misc{flask,
	title = {{Flask - Web development, one drop at a time}},
	author = {{Flask - PalletsProjects}},
	note = {Enlace: \url{https://flask.palletsprojects.com/en/2.2.x/}}
}

@misc{mongodb,
	title = {{MongoDB Documentation}},
	author = {{MongoDB}},
	note = {Enlace: \url{https://www.mongodb.com/docs/}}
}

@misc{docker,
	title = {{Docker Docs}},
	author = {{Docker}},
	note = {Enlace: \url{https://docs.docker.com/}}
}

@misc{docker-compose,
	title = {{Docker Compose Docs}},
	author = {{Docker}},
	note = {Enlace: \url{https://docs.docker.com/compose/}}
}

@misc{create-react-app,
	title = {{Set up a modern web app by running one command}},
	author = {{Create React App}},
	note = {Enlace: \url{https://create-react-app.dev/}}
}

@misc{material-ui,
	title = {{Material UI - Overview}},
	author = {{MUI}},
	note = {Enlace: \url{https://mui.com/material-ui/getting-started/overview/}}
}

@misc{redux,
	title = {{Redux · Readme}},
	author = {{Redux}},
	note = {Enlace: \url{https://es.redux.js.org/}}
}














